<?xml version="1.0" encoding="UTF-8"?><collection xmlns="http://www.loc.gov/MARC21/slim"><record><leader>00484nam--2200157-i-4500</leader><controlfield tag="001">000019063</controlfield><controlfield tag="002">20161230</controlfield><controlfield tag="005">20161230201033</controlfield><controlfield tag="008">060222s1000------------r-----000-0-eng-d</controlfield><datafield ind1=" " ind2=" " tag="080"><subfield code="a">517.9</subfield></datafield><datafield ind1=" " ind2=" " tag="100"><subfield code="a">Fadell, Albert G</subfield></datafield><datafield ind1=" " ind2=" " tag="245"><subfield code="a">Vector calculus and differential equations</subfield></datafield><datafield ind1=" " ind2=" " tag="260"><subfield code="a">Princeton, New Jersey, B.Van Nostrand Comp., Inc., 1968. Xii + 558 P</subfield></datafield><datafield ind1=" " ind2=" " tag="490"><subfield code="a">The University Series In Undergraduate Mathematics</subfield></datafield><datafield ind1=" " ind2=" " tag="852"><subfield code="a">30028</subfield><subfield code="c">517.2/3</subfield></datafield><datafield ind1=" " ind2=" " tag="CAT"><subfield code="a">Sys</subfield><subfield code="c">20080717</subfield><subfield code="h">110956</subfield></datafield></record></collection>